@article{hinton2002training,
  title={Training products of experts by minimizing contrastive divergence},
  author={Hinton, Geoffrey E},
  journal={Neural computation},
  volume={14},
  number={8},
  pages={1771--1800},
  year={2002},
  publisher={MIT Press}
}

@inproceedings{tieleman2008training,
  title={Training restricted Boltzmann machines using approximations to the likelihood gradient},
  author={Tieleman, Tijmen},
  booktitle={Proceedings of the 25th international conference on Machine learning},
  pages={1064--1071},
  year={2008},
  organization={ACM}
}

@inproceedings{long2010restricted,
  title={Restricted boltzmann machines are hard to approximately evaluate or simulate},
  author={Long, Philip M and Servedio, Rocco},
  booktitle={Proceedings of the 27th International Conference on Machine Learning (ICML-10)},
  pages={703--710},
  year={2010}
}

@article{alon2006approximating,
  title={Approximating the cut-norm via Grothendieck's inequality},
  author={Alon, Noga and Naor, Assaf},
  journal={SIAM Journal on Computing},
  volume={35},
  number={4},
  pages={787--803},
  year={2006},
  publisher={SIAM}
}

@inproceedings{salakhutdinov2010learning,
  title={Learning deep Boltzmann machines using adaptive MCMC},
  author={Salakhutdinov, Ruslan},
  booktitle={Proceedings of the 27th International Conference on Machine Learning (ICML-10)},
  pages={943--950},
  year={2010}
}