@article{hinton2002training,
  title={Training products of experts by minimizing contrastive divergence},
  author={Hinton, Geoffrey E},
  journal={Neural computation},
  volume={14},
  number={8},
  pages={1771--1800},
  year={2002},
  publisher={MIT Press}
}

@inproceedings{tieleman2008training,
  title={Training restricted Boltzmann machines using approximations to the likelihood gradient},
  author={Tieleman, Tijmen},
  booktitle={Proceedings of the 25th international conference on Machine learning},
  pages={1064--1071},
  year={2008},
  organization={ACM}
}

@inproceedings{long2010restricted,
  title={Restricted boltzmann machines are hard to approximately evaluate or simulate},
  author={Long, Philip M and Servedio, Rocco},
  booktitle={Proceedings of the 27th International Conference on Machine Learning (ICML-10)},
  pages={703--710},
  year={2010}
}

@article{alon2006approximating,
  title={Approximating the cut-norm via Grothendieck's inequality},
  author={Alon, Noga and Naor, Assaf},
  journal={SIAM Journal on Computing},
  volume={35},
  number={4},
  pages={787--803},
  year={2006},
  publisher={SIAM}
}

@inproceedings{salakhutdinov2010learning,
  title={Learning deep Boltzmann machines using adaptive MCMC},
  author={Salakhutdinov, Ruslan},
  booktitle={Proceedings of the 27th International Conference on Machine Learning (ICML-10)},
  pages={943--950},
  year={2010}
}

# RELATED WORK
@article{desainte1994using,
  title={Using attribute grammars to find solutions for musical equational programs},
  author={Desainte-Catherine, Myriam and Barbar, Kablan},
  journal={ACM SIGPLAN Notices},
  volume={29},
  number={9},
  pages={56--63},
  year={1994},
  publisher={ACM}
}

@inproceedings{cheung1999attribute,
  title={An attribute grammar based framework for machine-dependent computational optimization of media processing algorithms},
  author={Cheung, Gene and McCanne, Steven},
  booktitle={Image Processing, 1999. ICIP 99. Proceedings. 1999 International Conference on},
  volume={2},
  pages={797--801},
  year={1999},
  organization={IEEE}
}

@incollection{starkie2002inferring,
  title={Inferring attribute grammars with structured data for natural language processing},
  author={Starkie, Bradford},
  booktitle={Grammatical Inference: Algorithms and Applications},
  pages={237--248},
  year={2002},
  publisher={Springer}
}

@article{thirunarayan2009attribute,
  title={Attribute Grammars and their Applications},
  author={Thirunarayan, Krishnaprasad},
  journal={Encyclopedia of Information Science and Technology},
  pages={268--273},
  year={2009}
}
